@article{More:1981:TUO:355934.355936,
 author = {Mor{\'e}, Jorge J. and Garbow, Burton S. and Hillstrom, Kenneth E.},
 title = {Testing Unconstrained Optimization Software},
 journal = {ACM Trans. Math. Softw.},
 issue_date = {March 1981},
 volume = {7},
 number = {1},
 month = mar,
 year = {1981},
 issn = {0098-3500},
 pages = {17--41},
 numpages = {25},
 url = {http://doi.acm.org/10.1145/355934.355936},
 doi = {10.1145/355934.355936},
 acmid = {355936},
 publisher = {ACM},
 address = {New York, NY, USA},
} 

@article{taheri2012solving,
	title={Solving systems of nonlinear equations using a globally convergent optimization algorithm},
	author={Taheri, Sona and Mammadov, Musa},
	journal={Global J. of Tech. and Optim},
	volume={3},
	pages={132--138},
	year={2012}
}

@article{doi:10.1093/comjnl/3.3.175,
	author = {Rosenbrock, H. H.},
	title = {An Automatic Method for Finding the Greatest or Least Value of a Function},
	journal = {The Computer Journal},
	volume = {3},
	number = {3},
	pages = {175-184},
	year = {1960},
	doi = {10.1093/comjnl/3.3.175},
	URL = { + http://dx.doi.org/10.1093/comjnl/3.3.175},
	eprint = {/oup/backfile/content_public/journal/comjnl/3/3/10.1093/comjnl/3.3.175/2/030175.pdf}
}

@article{Freudenstein:1963:NSS:321186.321200,
	author = {Freudenstein, Ferdinand and Roth, Bernhard},
	title = {Numerical Solution of Systems of Nonlinear Equations},
	journal = {J. ACM},
	issue_date = {Oct. 1963},
	volume = {10},
	number = {4},
	month = oct,
	year = {1963},
	issn = {0004-5411},
	pages = {550--556},
	numpages = {7},
	url = {http://doi.acm.org/10.1145/321186.321200},
	doi = {10.1145/321186.321200},
	acmid = {321200},
	publisher = {ACM},
	address = {New York, NY, USA},
} 
