@article{More:1981:TUO:355934.355936,
 author = {Mor{\'e}, Jorge J. and Garbow, Burton S. and Hillstrom, Kenneth E.},
 title = {Testing Unconstrained Optimization Software},
 journal = {ACM Trans. Math. Softw.},
 issue_date = {March 1981},
 volume = {7},
 number = {1},
 month = mar,
 year = {1981},
 issn = {0098-3500},
 pages = {17--41},
 numpages = {25},
 url = {http://doi.acm.org/10.1145/355934.355936},
 doi = {10.1145/355934.355936},
 acmid = {355936},
 publisher = {ACM},
 address = {New York, NY, USA},
} 

@article{taheri2012solving,
	title={Solving systems of nonlinear equations using a globally convergent optimization algorithm},
	author={Taheri, Sona and Mammadov, Musa},
	journal={Global J. of Tech. and Optim},
	volume={3},
	pages={132--138},
	year={2012}
}

@article{doi:10.1093/comjnl/3.3.175,
	author = {Rosenbrock, H. H.},
	title = {An Automatic Method for Finding the Greatest or Least Value of a Function},
	journal = {The Computer Journal},
	volume = {3},
	number = {3},
	pages = {175-184},
	year = {1960},
	doi = {10.1093/comjnl/3.3.175},
	URL = { + http://dx.doi.org/10.1093/comjnl/3.3.175},
	eprint = {/oup/backfile/content_public/journal/comjnl/3/3/10.1093/comjnl/3.3.175/2/030175.pdf}
}

@article{Freudenstein:1963:NSS:321186.321200,
	author = {Freudenstein, Ferdinand and Roth, Bernhard},
	title = {Numerical Solution of Systems of Nonlinear Equations},
	journal = {J. ACM},
	issue_date = {Oct. 1963},
	volume = {10},
	number = {4},
	month = oct,
	year = {1963},
	issn = {0004-5411},
	pages = {550--556},
	numpages = {7},
	url = {http://doi.acm.org/10.1145/321186.321200},
	doi = {10.1145/321186.321200},
	acmid = {321200},
	publisher = {ACM},
	address = {New York, NY, USA},
} 

@book{Luenberger1973a,
	author = {Luenberger, David G.},
	citeulike-article-id = {794324},
	keywords = {lsb},
	posted-at = {2006-08-10 13:53:57},
	priority = {2},
	publisher = {Addison-Wesley Publishing Company},
	title = {{Introduction to Linear and Nonlinear programming}},
	year = {1973}
}

@article{gill1972quasi,
	title={Quasi-Newton methods for unconstrained optimization},
	author={Gill, Philip E and Murray, Walter},
	journal={IMA Journal of Applied Mathematics},
	volume={9},
	number={1},
	pages={91--108},
	year={1972},
	publisher={Oxford University Press}
}

@article{WEI20061156,
	title = "New quasi-Newton methods for unconstrained optimization problems",
	journal = "Applied Mathematics and Computation",
	volume = "175",
	number = "2",
	pages = "1156 - 1188",
	year = "2006",
	issn = "0096-3003",
	doi = "https://doi.org/10.1016/j.amc.2005.08.027",
	url = "http://www.sciencedirect.com/science/article/pii/S0096300305006685",
	author = "Zengxin Wei and Guoyin Li and Liqun Qi",
	keywords = "Unconstrained optimization, Quasi-Newton method, Quasi-Newton equation, Global convergence, Superlinear convergence"
}

@article{zhang2001properties,
	title={Properties and numerical performance of quasi-Newton methods with modified quasi-Newton equations},
	author={Zhang, Jianzhong and Xu, Chengxian},
	journal={Journal of Computational and Applied Mathematics},
	volume={137},
	number={2},
	pages={269--278},
	year={2001},
	publisher={Elsevier}
}

@article{ZHANG2001269,
	title = "Properties and numerical performance of quasi-Newton methods with modified quasi-Newton equations",
	journal = "Journal of Computational and Applied Mathematics",
	volume = "137",
	number = "2",
	pages = "269 - 278",
	year = "2001",
	issn = "0377-0427",
	doi = "https://doi.org/10.1016/S0377-0427(00)00713-5",
	url = "http://www.sciencedirect.com/science/article/pii/S0377042700007135",
	author = "Jianzhong Zhang and Chengxian Xu",
	keywords = "Quasi-Newton equation, Broyden family of updates, Curvature approximation, Positive-definite update, Superlinear convergence"
}

@article{gilbert1989some,
	title={Some numerical experiments with variable-storage quasi-Newton algorithms},
	author={Gilbert, Jean Charles and Lemar{\'e}chal, Claude},
	journal={Mathematical programming},
	volume={45},
	number={1},
	pages={407--435},
	year={1989},
	publisher={Springer}
}

@misc{高立2014数,
	title={数 值 最 优 化 方 法},
	author={高立},
	year={2014},
	publisher={北京: 北京大学出版社}
}

@book{dennis1996numerical,
	title={Numerical methods for unconstrained optimization and nonlinear equations},
	author={Dennis Jr, John E and Schnabel, Robert B},
	year={1996},
	publisher={SIAM}
}

@article{freudenstein1963numerical,
	title={Numerical solution of systems of nonlinear equations},
	author={Freudenstein, Ferdinand and Roth, Bernhard},
	journal={Journal of the ACM (JACM)},
	volume={10},
	number={4},
	pages={550--556},
	year={1963},
	publisher={ACM}
}


@incollection{Powell1970,
	added-at = {2007-11-22T09:11:49.000+0100},
	author = {Powell, M. J. D.},
	biburl = {https://www.bibsonomy.org/bibtex/220a8aae5b7e6727865e87d6114c6c2df/tboehme},
	booktitle = {Numerical Methods for Nonlinear Algebraic Equations},
	editor = {Rabinowitz, P.},
	endnotereftype = {Book Section},
	interhash = {b647d7e87ad7e4dd26f023b49122374b},
	intrahash = {20a8aae5b7e6727865e87d6114c6c2df},
	keywords = {imported},
	publisher = {Gordon and Breach},
	shorttitle = {A Hybrid Method for Nonlinear Equations},
	timestamp = {2007-11-22T09:12:04.000+0100},
	title = {A Hybrid Method for Nonlinear Equations},
	year = 1970
}


@article{shanno1970conditioning,
	title={Conditioning of quasi-Newton methods for function minimization},
	author={Shanno, David F},
	journal={Mathematics of computation},
	volume={24},
	number={111},
	pages={647--656},
	year={1970}
}

@BOOK{
	Nocedal2006NO,
	edition = "2nd",
	remark = "Section 8.2 gives a short introduction to automatic differentiation",
	author = "J. Nocedal and S. J. Wright",
	title = "Numerical Optimization",
	publisher = "Springer",
	year = "2006",
	address = "New York",
	ad_theotech = "General"
}

@article{ding2005investigation,
	title={Investigation of quasi-Newton methods for unconstrained optimization},
	author={Ding, Yang and Lushi, Enkeleida and Li, Qingguo},
	journal={Simon Fraser University, Canada},
	year={2005}
}

@incollection{more1978levenberg,
	title={The Levenberg-Marquardt algorithm: implementation and theory},
	author={Mor{\'e}, Jorge J},
	booktitle={Numerical analysis},
	pages={105--116},
	year={1978},
	publisher={Springer}
}

@article{ranganathan2004levenberg,
	title={The levenberg-marquardt algorithm},
	author={Ranganathan, Ananth},
	journal={Tutoral on LM algorithm},
	volume={11},
	number={1},
	pages={101--110},
	year={2004}
}

@Article{Byrd1988,
	author="Byrd, Richard H.
	and Schnabel, Robert B.
	and Shultz, Gerald A.",
	title="Approximate solution of the trust region problem by minimization over two-dimensional subspaces",
	journal="Mathematical Programming",
	year="1988",
	month="Jan",
	day="01",
	volume="40",
	number="1",
	pages="247--263",
	abstract="The trust region problem, minimization of a quadratic function subject to a spherical trust region constraint, occurs in many optimization algorithms. In a previous paper, the authors introduced an inexpensive approximate solution technique for this problem that involves the solution of a two-dimensional trust region problem. They showed that using this approximation in an unconstrained optimization algorithm leads to the same theoretical global and local convergence properties as are obtained using the exact solution to the trust region problem. This paper reports computational results showing that the two-dimensional minimization approach gives nearly optimal reductions in then-dimension quadratic model over a wide range of test cases. We also show that there is very little difference, in efficiency and reliability, between using the approximate or exact trust region step in solving standard test problems for unconstrained optimization. These results may encourage the application of similar approximate trust region techniques in other contexts.",
	issn="1436-4646",
	doi="10.1007/BF01580735",
	url="https://doi.org/10.1007/BF01580735"
}

